@article{Xu2000Large,
	journal={Cognition},
	doi={10.1016/S0010-0277(99)00066-9},
	issn=00100277,
	number=1,
	pmid=10594312,
	title={Large number discrimination in 6-month-old infants},
	volume=74,
	author={Xu, Fei and Spelke, Elizabeth S},
	pages={B1--B11},
	date={2000-01-10},
	year=2000,
	month=1,
	day=10,
}
@article{Xu2005Number,
	journal={Developmental Science},
	doi={10.1111/j.1467-7687.2005.00395.x},
	issn={1363755X},
	number=1,
	title={Number sense in human infants},
	volume=8,
	author={Xu, Fei and Spelke, Elizabeth S. and Goddard, Sydney},
	pages={88--101},
	date={2005-01},
	year=2005,
	month=1,
}
@article{Giorgio2019mental,
	journal={Developmental Science},
	doi={10.1111/desc.12801},
	issn=14677687,
	number=6,
	publisher={Blackwell Publishing Ltd},
	title={A mental number line in human newborns},
	volume=22,
	author={Di Giorgio, Elisa and Lunghi, Marco and Rugani, Rosa and Regolin, Lucia and Dalla Barba, Beatrice and Vallortigara, Giorgio and Simion, Francesca},
	date={2019-11-05},
	year=2019,
	month=11,
	day=5,
}
@article{Leibovich2017From,
	journal={Behavioral and Brain Sciences},
	doi={10.1017/S0140525X16000960},
	issn=14691825,
	pmid=27530053,
	publisher={Cambridge University Press},
	title={From "sense of number" to "sense of magnitude": The role of continuous magnitudes in numerical cognition},
	volume=40,
	author={Leibovich, Tali and Katzin, Naama and Harel, Maayan and Henik, Avishai},
	date=2017,
	year=2017,
}
@book{Geary2015Mathematical,
	isbn=9780124201330,
	numpages=376,
	title={Mathematical cognition and learning: Evolutionary origins and early development of number processing},
	author={Geary, D. C and Berch, D. B and Koepke, K. M},
	date=2015,
	year=2015,
}
@article{Wilkey2019Challenging,
	journal={Annals of the New York Academy of Sciences},
	doi={10.1111/nyas.14225},
	issn={0077-8923},
	title={Challenging the neurobiological link between number sense and symbolic numerical abilities},
	author={Wilkey, Eric D. and Ansari, Daniel},
	pages={nyas.14225},
	date={2019-09-23},
	year=2019,
	month=9,
	day=23,
}
@article{Noël2011Developmental,
	journal={Frontiers in Human Neuroscience},
	doi={10.3389/fnhum.2011.00165},
	issn=16625161,
	number={November},
	title={Developmental changes in the profiles of dyscalculia: An explanation based on a double exact-and-approximate number representation model},
	volume=5,
	author={Noël, Marie Pascale and Rousselle, Laurence},
	date=2011,
	year=2011,
}
@article{Dehaene1992Varieties,
	journal={Cognition},
	doi={10.1016/0010-0277(92)90049-N},
	issn=00100277,
	number={1-2},
	pmid=1511583,
	title={Varieties of numerical abilities},
	volume=44,
	author={Dehaene, Stanislas},
	pages={1--42},
	date={1992-01},
	year=1992,
	month=1,
}
@article{Halberda2008Developmental,
	journal={Developmental Psychology},
	doi={10.1037/a0012682},
	issn=00121649,
	number=5,
	pmid=18793076,
	title={Developmental Change in the Acuity of the "Number Sense": The Approximate Number System in 3-, 4-, 5-, and 6-Year-Olds and Adults},
	volume=44,
	author={Halberda, Justin and Feigenson, Lisa},
	pages={1457--1465},
	date=2008,
	year=2008,
}
@article{Sekuler1977Childrens,
	journal={Child Development},
	doi={10.2307/1128664},
	issn=00093920,
	number=2,
	title={Children's judgments of numerical inequality.},
	volume=48,
	author={Sekuler, Robert and Mierkiewicz, Diane},
	pages=630,
	date=1977,
	year=1977,
}
@article{Barth2005Abstract,
	journal={Proceedings of the National Academy of Sciences of the United States of America},
	doi={10.1073/pnas.0505512102},
	issn=00278424,
	number=39,
	title={Abstract number and arithmetic in preschool children},
	volume=102,
	author={Barth, Hilary and La Mont, Kristen and Lipton, Jennifer and Spelke, Elizabeth S.},
	pages={14116--14121},
	date={2005-09-27},
	year=2005,
	month=9,
	day=27,
}
@article{Duncan1980Isolating,
	journal={Memory \& cognition},
	doi={10.3758/BF03213781},
	issn={0090-502X},
	number=6,
	pmid=6163942,
	publisher={Springer-Verlag},
	title={Isolating the effects of symbolic distance and semantic congruity in comparative judgments: an additive-factors analysis.},
	volume=8,
	author={Duncan, Edward M. and McFarland, Carl E.},
	pages={612--622},
	date={1980-11},
	year=1980,
	month=11,
}
@article{Holloway2009Mapping,
	journal={Journal of Experimental Child Psychology},
	doi={10.1016/j.jecp.2008.04.001},
	issn=00220965,
	number=1,
	pmid=18513738,
	title={Mapping numerical magnitudes onto symbols: The numerical distance effect and individual differences in children's mathematics achievement},
	volume=103,
	author={Holloway, Ian D. and Ansari, Daniel},
	pages={17--29},
	date={2009-05},
	year=2009,
	month=5,
}
@article{Sasanguie2012Association,
	journal={British Journal of Developmental Psychology},
	doi={10.1111/j.2044-835X.2011.02048.x},
	issn={0261510X},
	number=2,
	pmid=22550952,
	publisher={Blackwell Publishing Ltd},
	title={Association between basic numerical abilities and mathematics achievement},
	volume=30,
	author={Sasanguie, Delphine and De Smedt, Bert and Defever, Emmy and Reynvoet, Bert},
	pages={344--357},
	date={2012-06-01},
	year=2012,
	month=6,
	day=1,
}
@article{Mussolin2014Symbolic,
	journal={PLoS ONE},
	doi={10.1371/journal.pone.0091839},
	issn=19326203,
	number=3,
	publisher={Public Library of Science},
	title={Symbolic number abilities predict later approximate number system acuity in preschool children},
	volume=9,
	author={Mussolin, Christophe and Nys, Julie and Content, Alain and Leybaert, Jacqueline},
	date={2014-03-17},
	year=2014,
	month=3,
	day=17,
}
@article{Sasanguie2014approximate,
	journal={Quarterly Journal of Experimental Psychology},
	doi={10.1080/17470218.2013.803581},
	issn=17470218,
	number=2,
	title={The approximate number system is not predictive for symbolic number processing in kindergarteners},
	volume=67,
	author={Sasanguie, Delphine and Defever, Emmy and Maertens, Bieke and Reynvoet, Bert},
	pages={271--280},
	date={2014-02},
	year=2014,
	month=2,
}
@article{Matejko2016Trajectories,
	journal={PLoS ONE},
	doi={10.1371/journal.pone.0149863},
	issn=19326203,
	number=3,
	publisher={Public Library of Science},
	title={Trajectories of symbolic and nonsymbolic magnitude processing in the first year of formal schooling},
	volume=11,
	author={Matejko, Anna A. and Ansari, Daniel},
	date={2016-03-01},
	year=2016,
	month=3,
	day=1,
}
@article{Habermann2020critical,
	journal={Journal of Experimental Child Psychology},
	doi={10.1016/j.jecp.2019.104794},
	issn=10960457,
	publisher={Academic Press Inc.},
	title={The critical role of Arabic numeral knowledge as a longitudinal predictor of arithmetic development},
	volume=193,
	author={Habermann, Stefanie and Donlan, Chris and Göbel, Silke M. and Hulme, Charles},
	pages=104794,
	date={2020-05-01},
	year=2020,
	month=5,
	day=1,
}
@article{Xenidou-Dervou2017Nonsymbolic,
	journal={Learning and Instruction},
	doi={10.1016/j.learninstruc.2016.11.001},
	issn=09594752,
	publisher={Elsevier Ltd},
	title={Nonsymbolic and symbolic magnitude comparison skills as longitudinal predictors of mathematical achievement},
	volume=50,
	author={Xenidou-Dervou, Iro and Molenaar, Dylan and Ansari, Daniel and van der Schoot, Menno and van Lieshout, Ernest C.D.M.},
	pages={1--13},
	date={2017-08-01},
	year=2017,
	month=8,
	day=1,
}
@article{Schneider2017Associations,
	journal={Developmental Science},
	doi={10.1111/desc.12372},
	issn=14677687,
	number=3,
	publisher={Blackwell Publishing Ltd},
	title={Associations of non-symbolic and symbolic numerical magnitude processing with mathematical competence: a meta-analysis},
	volume=20,
	author={Schneider, Michael and Beeres, Kassandra and Coban, Leyla and Merz, Simon and Susan Schmidt, S. and Stricker, Johannes and De Smedt, Bert},
	date={2017-05-01},
	year=2017,
	month=5,
	day=1,
}
@article{Lyons2018Symbolic,
	journal={Developmental Psychology},
	doi={10.1037/dev0000445},
	issn=00121649,
	number=3,
	publisher={American Psychological Association Inc.},
	title={Symbolic number skills predict growth in nonsymbolic number skills in kindergarteners},
	volume=54,
	author={Lyons, Ian M. and Bugden, Stephanie and Zheng, Samuel and De Jesus, Stefanie and Ansari, Daniel},
	pages={440--457},
	date={2018-03-01},
	year=2018,
	month=3,
	day=1,
}
@article{Marinova2018Symbolic,
	journal={PLoS ONE},
	doi={10.1371/journal.pone.0200808},
	issn=19326203,
	number=7,
	pmid=30011340,
	publisher={Public Library of Science},
	title={Symbolic estrangement or symbolic integration of numerals with quantities: Methodological pitfalls and a possible solution},
	volume=13,
	author={Marinova, Mila and Sasanguie, Delphine and Reynvoet, Bert},
	editor={Cropper, Simon J.},
	pages={e0200808},
	date={2018-07-01},
	year=2018,
	month=7,
	day=1,
}
@article{Marinova2020Can,
	journal={Journal of Numerical Cognition},
	doi={10.5964/jnc.v6i3.292},
	issn=23638761,
	number=3,
	publisher={PsychOpen},
	title={Can you trust your number sense: Distinct processing of numbers and quantities in elementary school children},
	volume=6,
	author={Marinova, Mila and Reynvoet, Bert},
	pages={304--321},
	date={2020-12-03},
	year=2020,
	month=12,
	day=3,
}
@article{Uller1999What,
	journal={Cognitive Development},
	doi={10.1016/S0885-2014(99)80016-1},
	issn=08852014,
	number=1,
	publisher={Elsevier Ltd},
	title={What representations might underlie infant numerical knowledge?},
	volume=14,
	author={Uller, Claudia and Carey, Susan and Huntley-Fenner, Gavin and Klatt, Laura},
	pages={1--36},
	date={1999-01-01},
	year=1999,
	month=1,
	day=1,
}
@article{Benoit2013Young,
	journal={Cognition TA},
	issn={0010-0277},
	number=1,
	title={Young children’s mapping between arrays, number words, and digits TT  -},
	volume=129,
	author={Benoit, Laurent and Lehalle, Henri and Molina, Michèle and Tijus, Charles and Jouen, François},
	pages={95--101},
	date=2013,
	year=2013,
}
@article{Hurst2016Mapping,
	journal={Journal of Cognition and Development},
	doi={10.1080/15248372.2016.1228653},
	issn={1524-8372},
	number=1,
	publisher={Psychology Press},
	title={Mapping among number words, numerals, and nonsymbolic quantities in preschoolers},
	volume=18,
	author={Hurst, Michelle and Anderson, Ursula and Cordes, Sara},
	pages={41--62},
	date={2016-01-20},
	year=2016,
	month=1,
	day=20,
}
@article{Lira2017integration,
	journal={Cognition},
	doi={10.1016/j.cognition.2017.05.033},
	issn=18737838,
	publisher={Elsevier},
	title={The integration of symbolic and non-symbolic representations of exact quantity in preschool children},
	volume=166,
	author={Lira, Carolina Jiménez and Carver, Miranda and Douglas, Heather and LeFevre, Jo Anne},
	pages={382--397},
	date={2017-09-01},
	year=2017,
	month=9,
	day=1,
}
@article{Cohen2009Integers,
	journal={Psychonomic Bulletin and Review},
	doi={10.3758/PBR.16.2.332},
	issn=10699384,
	number=2,
	pmid=19293103,
	publisher={Springer},
	title={Integers do not automatically activate their quantity representation},
	volume=16,
	author={Cohen, Dale J.},
	pages={332--336},
	date={2009-04},
	year=2009,
	month=4,
}
@article{Cohen2013Cross-format,
	journal={Cognitive Psychology},
	doi={10.1016/j.cogpsych.2013.03.001},
	issn=00100285,
	number=4,
	pmid=23624377,
	publisher={Academic Press},
	title={Cross-format physical similarity effects and their implications for the numerical cognition architecture},
	volume=66,
	author={Cohen, Dale J. and Warren, Erin and Blanc-Goldhammer, Daryn},
	pages={355--379},
	date={2013-06-01},
	year=2013,
	month=6,
	day=1,
}
@article{Lin2019Arabic,
	journal={Quarterly Journal of Experimental Psychology},
	doi={10.1177/1747021819854444},
	issn=17470226,
	number=11,
	pmid=31096864,
	publisher={SAGE PublicationsSage UK: London, England},
	title={Arabic digits and spoken number words: Timing modulates the cross-modal numerical distance effect},
	volume=72,
	author={Lin, Chia Yuan and Göbel, Silke M},
	pages={2632--2646},
	date={2019-06-15},
	year=2019,
	month=6,
	day=15,
}
@article{Krajcsi2017Symbolic,
	journal={Frontiers in Psychology},
	doi={10.3389/fpsyg.2017.02013},
	issn=16641078,
	number={NOV},
	pmid=29250002,
	publisher={Frontiers Media SA},
	title={Symbolic numerical distance effect does not reflect the difference between numbers},
	volume=8,
	author={Krajcsi, Attila and Kojouharova, Petia},
	pages=2013,
	date=2017,
	year=2017,
}
@article{Heine2013electrophysiological,
	journal={Cortex},
	doi={10.1016/j.cortex.2012.11.009},
	issn=19738102,
	number=8,
	pmid=23287447,
	publisher={Masson SpA},
	title={An electrophysiological investigation of non-symbolic magnitude processing: Numerical distance effects in children with and without mathematical learning disabilities},
	volume=49,
	author={Heine, Angela and Wißmann, Jacqueline and Tamm, Sascha and De Smedt, Bert and Schneider, Michael and Stern, Elsbeth and Verschaffel, Lieven and Jacobs, Arthur M.},
	pages={2162--2177},
	date={2013-09-01},
	year=2013,
	month=9,
	day=1,
}
@article{Gómez-Velázquez2015Comparisons,
	journal={Brain Research},
	doi={10.1016/j.brainres.2015.09.009},
	issn=18726240,
	pmid=26385418,
	publisher={Elsevier},
	title={Comparisons of numerical magnitudes in children with different levels of mathematical achievement. An ERP study},
	volume=1627,
	author={Gómez-Velázquez, Fabiola Reveca and Berumen, Gustavo and González-Garrido, Andrés Antonio},
	pages={189--200},
	date={2015-11-19},
	year=2015,
	month=11,
	day=19,
}
@article{Heine2011Electrophysiological,
	journal={Neuropsychologia},
	doi={10.1016/j.neuropsychologia.2011.07.028},
	issn=00283932,
	number=12,
	pmid=21821057,
	publisher={Neuropsychologia},
	title={Electrophysiological correlates of non-symbolic numerical magnitude processing in children: Joining the dots},
	volume=49,
	author={Heine, Angela and Tamm, Sascha and Wißmann, Jacqueline and Jacobs, Arthur M.},
	pages={3238--3246},
	date={2011-10},
	year=2011,
	month=10,
}
@article{Knudsen2015Development,
	journal={Journal of Numerical Cognition},
	doi={10.5964/jnc.v1i1.4},
	issn={2363-8761},
	number=1,
	publisher={Leibniz Institute for Psychology (ZPID)},
	title={The Development of Arabic Digit Knowledge in 4- to 7-Year-Old Children},
	volume=1,
	author={Knudsen, Birgit and Fischer, Martin H. and Henning, Anne and Aschersleben, Gisa},
	pages={21--37},
	date={2015-10-29},
	year=2015,
	month=10,
	day=29,
}
@article{Maloney2010Mathematics,
	journal={Cognition},
	doi={10.1016/j.cognition.2009.09.013},
	issn=00100277,
	number=2,
	publisher={Elsevier},
	title={Mathematics anxiety affects counting but not subitizing during visual enumeration},
	volume=114,
	author={Maloney, Erin A. and Risko, Evan F. and Ansari, Daniel and Fugelsang, Jonathan},
	pages={293--297},
	date={2010-02-01},
	year=2010,
	month=2,
	day=1,
}
@article{Dehaene1996Cerebral,
	journal={Neuropsychologia},
	doi={10.1016/0028-3932(96)00027-9},
	issn=00283932,
	number=11,
	title={Cerebral activations during number multiplication and comparison: A PET study},
	volume=34,
	author={Dehaene, Stanislas and Tzourio, Nathalie and Frak, Victor and Raynaud, Laurence and Cohen, Laurent and Mehler, Jacques and Mazoyer, Bernard},
	pages={1097--1106},
	date=1996,
	year=1996,
}
@article{Dehaene2005Control,
	title={Control over non-numerical parameters in numerosity experiments},
	author={Dehaene, Stanislas and Izard, Véronique and Piazza, Manuella},
	date=2005,
	year=2005,
}
@article{Dehaene2003Three,
	journal={Cognitive Neuropsychology},
	doi={10.1080/02643290244000239},
	issn=02643294,
	number={3-6},
	pmid=20957581,
	publisher={Taylor \& Francis Group},
	title={Three parietal circuits for number processing},
	volume=20,
	author={Dehaene, Stanislas and Piazza, Manuela and Pinel, Philippe and Cohen, Laurent},
	pages={487--506},
	date={2003-05-09},
	year=2003,
	month=5,
	day=9,
}
@article{Dehaene2009Origins,
	journal={Annals of the New York Academy of Sciences},
	doi={10.1111/j.1749-6632.2009.04469.x},
	issn=00778923,
	pmid=19338511,
	title={Origins of mathematical intuitions: The case of arithmetic},
	volume=1156,
	author={Dehaene, Stanislas},
	pages={232--259},
	date={2009-03},
	year=2009,
	month=3,
}
@article{Sullivan2013How,
	journal={Quarterly Journal of Experimental Psychology},
	doi={10.1080/17470218.2012.715655},
	issn=17470218,
	number=2,
	pmid=22963174,
	publisher={SAGE PublicationsSage UK: London, England},
	title={How are number words mapped to approximate magnitudes?},
	volume=66,
	author={Sullivan, Jessica and Barner, David},
	pages={389--402},
	date={2013-02-01},
	year=2013,
	month=2,
	day=1,
}
@article{Davidson2012Does,
	journal={Cognition},
	doi={10.1016/j.cognition.2011.12.013},
	issn=00100277,
	number=1,
	pmid=22245033,
	publisher={Elsevier},
	title={Does learning to count involve a semantic induction?},
	volume=123,
	author={Davidson, Kathryn and Eng, Kortney and Barner, David},
	pages={162--173},
	date={2012-04-01},
	year=2012,
	month=4,
	day=1,
}
@article{Corre2014Children,
	journal={British Journal of Developmental Psychology},
	doi={10.1111/bjdp.12029},
	issn={2044835X},
	number=2,
	pmid=24372336,
	publisher={John Wiley \& Sons, Ltd},
	title={Children acquire the later-greater principle after the cardinal principle},
	volume=32,
	author={Le Corre, Mathieu},
	pages={163--177},
	date={2014-06-01},
	year=2014,
	month=6,
	day=1,
}
@article{Sella2017Preschool,
	journal={Cognition},
	doi={10.1016/j.cognition.2016.10.010},
	issn=18737838,
	pmid=27788403,
	publisher={Elsevier},
	title={Preschool children use space, rather than counting, to infer the numerical magnitude of digits: Evidence for a spatial mapping principle},
	volume=158,
	author={Sella, Francesco and Berteletti, Ilaria and Lucangeli, Daniela and Zorzi, Marco},
	pages={56--67},
	date={2017-01-01},
	year=2017,
	month=1,
	day=1,
}
@article{Sella2018Spatial,
	journal={Frontiers in Psychology},
	doi={10.3389/fpsyg.2018.00776},
	issn=16641078,
	number={MAY},
	publisher={Frontiers},
	title={Spatial and verbal routes to number comparison in young children},
	volume=9,
	author={Sella, Francesco and Lucangeli, Daniela and Zorzi, Marco},
	pages=776,
	date={2018-05-24},
	year=2018,
	month=5,
	day=24,
}
@article{Sella2019Spatial,
	journal={Journal of Experimental Child Psychology},
	doi={10.1016/j.jecp.2018.09.001},
	issn=00220965,
	pmid=30314720,
	publisher={Academic Press},
	title={Spatial order relates to the exact numerical magnitude of digits in young children},
	volume=178,
	author={Sella, Francesco and Lucangeli, Daniela and Zorzi, Marco},
	pages={385--404},
	date={2019-02-01},
	year=2019,
	month=2,
	day=1,
}
@article{Sella2020Making,
	journal={Child Development},
	doi={10.1111/cdev.13335},
	issn=14678624,
	number=5,
	pmid=31724163,
	publisher={John Wiley \& Sons, Ltd},
	title={Making Sense of Number Words and Arabic Digits: Does Order Count More?},
	volume=91,
	author={Sella, Francesco and Lucangeli, Daniela and Cohen Kadosh, Roi and Zorzi, Marco},
	pages={1456--1470},
	date={2020-09-01},
	year=2020,
	month=9,
	day=1,
}
@article{Odic2015Childrens,
	journal={Cognition},
	doi={10.1016/j.cognition.2015.01.008},
	issn=18737838,
	pmid=25721021,
	publisher={Elsevier},
	title={Children's mappings between number words and the approximate number system},
	volume=138,
	author={Odic, Darko and Le Corre, Mathieu and Halberda, Justin},
	pages={102--121},
	date={2015-05-01},
	year=2015,
	month=5,
	day=1,
}
@article{Beg2021Symbol,
	journal={Psychological Research},
	doi={10.1007/s00426-019-01265-4},
	issn=14302772,
	number=2,
	pmid=31722039,
	publisher={Springer},
	title={Symbol grounding of number words in the subitization range},
	volume=85,
	author={Šetić Beg, Mia and Čičko, Jakov and Domijan, Dražen},
	pages={720--733},
	date={2021-11-13},
	year=2021,
	month=11,
	day=13,
}
@article{Anobile2012Linear,
	journal={Cognition},
	doi={10.1016/j.cognition.2011.11.006},
	issn=00100277,
	number=3,
	pmid=22154543,
	publisher={Elsevier},
	title={Linear mapping of numbers onto space requires attention},
	volume=122,
	author={Anobile, Giovanni and Cicchini, Guido Marco and Burr, David C.},
	pages={454--459},
	date={2012-03-01},
	year=2012,
	month=3,
	day=1,
}
@article{Burr2010Subitizing,
	journal={Journal of Vision},
	doi={10.1167/10.6.20},
	issn=15347362,
	number=6,
	pmid=20884569,
	publisher={The Association for Research in Vision and Ophthalmology},
	title={Subitizing but not estimation of numerosity requires attentional resources},
	volume=10,
	author={Burr, David C. and Turi, Marco and Anobile, Giovanni},
	pages={20--20},
	date={2010-06-01},
	year=2010,
	month=6,
	day=1,
}
@article{Anobile2012effects,
	journal={Vision Research},
	doi={10.1016/j.visres.2012.06.005},
	issn=00426989,
	pmid=22727938,
	publisher={Pergamon},
	title={The effects of cross-sensory attentional demand on subitizing and on mapping number onto space},
	volume=74,
	author={Anobile, Giovanni and Turi, Marco and Cicchini, Guido Marco and Burr, David C.},
	pages={102--109},
	date={2012-12-01},
	year=2012,
	month=12,
	day=1,
}

