@book{book_key,
	address = {City},
	publisher = {Publisher},
	author = {Smith, John},
	title = {Book title},
	year = {2012},
	volume = {3},
	series = {2},
	edition = {1},
	pages = {123--200},
	month = {1}
}

@article{article_key,
	address = {City},
	publisher = {Publisher},
	author = {Smith, James},
	title = {Article title},
	year = {2013},
	volume = {14},
	number = {6},
	pages = {1--8},
	month = {3}
}

@article{article_key2,
abstract = {Abstract of the paper being cited.},
author = {Smith, James T. and Holmes, Sherlock},
doi = {10.1162/jocn_a_01546},
issn = {15308898},
journal = {Journal},
month = {2},
number = {6},
pages = {1--8},
pmid = {32073349},
publisher = {Publisher},
title = {{Article Title}},
volume = {14},
year = {2020}
}