@article{Lindemann2015Embodied,
	journal={Journal of Cognitive Psychology},
	doi={10.1080/20445911.2015.1032295},
	issn={2044592X},
	number=4,
	publisher={Psychology Press Ltd},
	title={Embodied number processing},
	volume=27,
	author={Lindemann, Oliver and Fischer, Martin H.},
	pages={381--387},
	date={2015-05-19},
	year=2015,
	month=5,
	day=19,
}
@article{Tran2017Support,
	journal={Cognitive Research: Principles and Implications},
	doi={10.1186/s41235-017-0053-8},
	issn=23657464,
	number=1,
	publisher={Springer},
	title={Support of mathematical thinking through embodied cognition: Nondigital and digital approaches},
	volume=2,
	author={Tran, Cathy and Smith, Brandon and Buschkuehl, Martin},
	pages={1--18},
	date={2017-12-01},
	year=2017,
	month=12,
	day=1,
}
@book{Siegler1984Strategy,
	journal={Origins of Cognitive Skills},
	doi={10.1016/S0140-6736(00)02054-7},
	isbn=9781489903242,
	issn=01406736,
	numpages={229-293},
	pmid=10791368,
	title={Strategy choices in addition and subtraction: How do children know what to do?},
	author={Siegler, Robert S and Shrager, Jeffrey},
	date={1984-01-01},
	year=1984,
	month=1,
	day=1,
}
@article{Fischer2011When,
	journal={Frontiers in Psychology},
	doi={10.3389/fpsyg.2011.00260},
	issn=16641078,
	number={OCT},
	publisher={Frontiers},
	title={When digits help digits: Spatial-numerical associations point to finger counting as prime example of embodied cognition},
	volume=2,
	author={Fischer, Martin H. and Brugger, Peter},
	pages=260,
	date={2011-10-17},
	year=2011,
	month=10,
	day=17,
}
@article{Knudsen2014Development,
	journal={Psychological Research},
	doi={10.1007/s00426-014-0623-z},
	issn=14302772,
	number=6,
	pmid=25326847,
	publisher={Springer Verlag},
	title={Development of spatial preferences for counting and picture naming},
	volume=79,
	author={Knudsen, Birgit and Fischer, Martin H. and Aschersleben, Gisa},
	pages={939--949},
	date={2014-10-19},
	year=2014,
	month=10,
	day=19,
}
@article{Luca2010Absence,
	journal={Experimental Psychology},
	doi={10.1027/1618-3169/a000025},
	isbn={1618-3169},
	issn=16183169,
	number=3,
	pmid=20178954,
	publisher={Hogrefe Publishing},
	title={Absence of low-level visual difference between canonical and noncanonical finger-numeral configurations},
	volume=57,
	author={Di Luca, Samuel and Pesenti, Mauro},
	pages={202--207},
	date={2010-01-01},
	year=2010,
	month=1,
	day=1,
}
@article{Lafay2013role,
	journal={Frontiers in Psychology},
	doi={10.3389/fpsyg.2013.00488},
	issn=16641078,
	number=7,
	publisher={Frontiers},
	title={The role of fingers in number processing in young children},
	volume=4,
	author={Lafay, Anne and Thevenot, Catherine and Castel, Caroline and Fayol, Michel},
	pages=488,
	date={2013-07-30},
	year=2013,
	month=7,
	day=30,
}
@article{Fischer2012hierarchical,
	journal={Cognitive Processing},
	doi={10.1007/s10339-012-0477-5},
	issn=16124782,
	number={1 SUPPL},
	pmid=22802036,
	publisher={Springer},
	title={A hierarchical view of grounded, embodied, and situated numerical cognition},
	volume=13,
	author={Fischer, Martin H.},
	pages={161--164},
	date={2012-07-17},
	year=2012,
	month=7,
	day=17,
}
@article{Sixtus2017Finger,
	journal={Cognitive Processing},
	doi={10.1007/s10339-017-0804-y},
	issn=16124790,
	number=3,
	publisher={Springer Verlag},
	title={Finger posing primes number comprehension},
	volume=18,
	author={Sixtus, Elena and Fischer, Martin H. and Lindemann, Oliver},
	pages={237--248},
	date={2017-08-01},
	year=2017,
	month=8,
	day=1,
}
@article{Berg2021Electrophysiological,
	journal={Scientific Reports},
	doi={10.1038/s41598-021-91303-2},
	issn=20452322,
	number=1,
	pmid=34083708,
	publisher={Nature Publishing Group},
	title={Electrophysiological evidence for internalized representations of canonical finger-number gestures and their facilitating effects on adults’ math verification performance},
	volume=11,
	author={van den Berg, Fabian C.G. and de Weerd, Peter and Jonkman, Lisa M.},
	pages={1--15},
	date={2021-06-03},
	year=2021,
	month=6,
	day=3,
}
@article{Moeller2012Learning,
	journal={Cognitive Processing},
	doi={10.1007/s10339-012-0457-9},
	issn=16124782,
	number=1,
	pmid=22806653,
	title={Learning and development of embodied numerosity},
	volume=13,
	author={Moeller, Korbinian and Fischer, Ursula and Link, Tanja and Wasner, Mirjam and Huber, Stefan and Cress, Ulrike and Nuerk, Hans Christoph},
	pages={271--274},
	date={2012-08-18},
	year=2012,
	month=8,
	day=18,
}
@article{Donchin1981,
	journal={Psychophysiology},
	doi={10.1111/j.1469-8986.1981.tb01815.x},
	issn=00485772,
	number=5,
	pmid=7280146,
	publisher={John Wiley & Sons, Ltd},
	title={Surprise!...Surprise?},
	volume=18,
	author={Donchin, E.},
	pages={493--513},
	date={1981-09-01},
	year=1981,
	month=9,
	day=1,
}
@article{Hyde2012Spatiotemporal,
	journal={Human Brain Mapping},
	doi={10.1002/hbm.21352},
	issn=10659471,
	number=9,
	pmid=21830257,
	title={Spatiotemporal dynamics of processing nonsymbolic number: An event-related potential source localization study},
	volume=33,
	author={Hyde, Daniel C and Spelke, Elizabeth S},
	pages={2189--2203},
	date={2012-09},
	year=2012,
	month=9,
}
@article{Friedman2000Event-related,
	journal={Microscopy Research and Technique},
	issn={1059910X},
	number=1,
	pmid=11002349,
	publisher={Microsc Res Tech},
	title={Event-related potential (ERP) studies of memory encoding and retrieval: A selective review},
	volume=51,
	author={Friedman, David and Johnson, Ray},
	pages={6--28},
	date={2000-10-01},
	year=2000,
	month=10,
	day=1,
}
@article{Mohring2014Spatiotemporal,
	journal={NeuroImage},
	doi={10.1016/j.neuroimage.2014.05.061},
	issn=10959572,
	title={Spatiotemporal dynamics of early cortical gesture processing},
	volume=99,
	author={Möhring, Nicole and Shen, Christina and Neuhaus, Andres H.},
	pages={42--49},
	date=2014,
	year=2014,
}
@article{Bien2012sound,
	journal={NeuroImage},
	doi={10.1016/j.neuroimage.2011.06.095},
	issn=10959572,
	number=1,
	publisher={Academic Press Inc.},
	title={The sound of size. Crossmodal binding in pitch-size synesthesia: A combined TMS, EEG and psychophysics study},
	volume=59,
	author={Bien, Nina and ten Oever, Sanne and Goebel, Rainer and Sack, Alexander T.},
	pages={663--672},
	date=2012,
	year=2012,
}
@article{Bien2013Corrigendum,
	journal={NeuroImage},
	doi={10.1016/j.neuroimage.2012.12.006},
	issn=10959572,
	publisher={Academic Press Inc.},
	title={Corrigendum to ‘The sound of size’ crossmodal binding in pitch-size synesthesia: A combined TMS, EEG and psychophysics study},
	volume=72,
	author={Bien, Nina and ten Oever, Sanne and Goebel, Rainer and Sack, Alexander T.},
	pages=325,
	date={2013-05-01},
	year=2013,
	month=5,
	day=1,
}
@article{Lockwood2015Ideophones,
	journal={Frontiers in Psychology},
	doi={10.3389/fpsyg.2015.00933},
	issn={1664-1078},
	publisher={Frontiers Media SA},
	title={Ideophones in Japanese modulate the P2 and late positive complex responses},
	volume=6,
	author={Lockwood, Gwilym and Tuomainen, Jyrki},
	pages=933,
	date={2015-07-02},
	year=2015,
	month=7,
	day=2,
}
@article{Holloway2013Semantic,
	journal={Journal of cognitive neuroscience},
	doi={10.1162/jocn_a_00323},
	issn={1530-8898},
	number=3,
	pmid=23163414,
	publisher={MIT Press55 Hayward Street, Cambridge, MA 02142-1315USAjournals-info@mit.edu},
	title={Semantic and perceptual processing of number symbols: evidence from a cross-linguistic fMRI adaptation study.},
	volume=25,
	author={Holloway, Ian D. and Battista, Christian and Vogel, Stephan E. and Ansari, Daniel},
	pages={388--400},
	date={2013-03-30},
	year=2013,
	month=3,
	day=30,
}
@article{Verleger2005Evidence,
	journal={Journal of Psychophysiology},
	doi={10.1027/0269-8803.19.3.165},
	issn=02698803,
	number=3,
	publisher={Hogrefe & Huber Publishers},
	title={Evidence for an integrative role of P3b in linking reaction to perception},
	volume=19,
	author={Verleger, Rolf and Jaśkowski, Piotr and Wascher, Edmund},
	pages={165--181},
	date={2005-09-01},
	year=2005,
	month=9,
	day=1,
}
@incollection{Polich2003Theoretical,
	booktitle={Detection of Change},
	doi={10.1007/978-1-4615-0294-4_5},
	publisher={Springer US},
	title={Theoretical Overview of P3a and P3b},
	author={Polich, John},
	pages={83--98},
	date=2003,
	year=2003,
}