@book{Butterworth1999Mathematical,
	edition={illustrate},
	isbn=0333735277,
	numpages=446,
	publisher={Macmillan},
	address={Macmillan},
	title={The Mathematical Brain},
	author={Butterworth, Brian.},
	date=1999,
	year=1999,
}
@article{Domahs2008Mind,
	journal={Cortex},
	doi={10.1016/j.cortex.2007.08.001},
	issn=00109452,
	number=4,
	pmid=18387566,
	publisher={Masson SpA},
	title={Mind the gap between both hands: Evidence for internal finger-based number representations in children's mental calculation},
	volume=44,
	author={Domahs, Frank and Krinzinger, Helga and Willmes, Klaus},
	pages={359--367},
	date={2008-04-01},
	year=2008,
	month=4,
	day=1,
}
@article{Klein2011influence,
	journal={Frontiers in Psychology},
	doi={10.3389/fpsyg.2011.00197},
	issn=16641078,
	number={SEP},
	publisher={Frontiers},
	title={The influence of implicit hand-based representations on mental arithmetic},
	volume=2,
	author={Klein, Elise and Moeller, Korbinian and Willmes, Klaus and Nuerk, Hans Christoph and Domahs, Frank},
	pages=197,
	date={2011-09-09},
	year=2011,
	month=9,
	day=9,
}
@article{Berg2020Number-related,
	journal={Journal of cognitive neuroscience},
	doi={10.1162/jocn_a_01546},
	issn=15308898,
	number=7,
	pmid=32073349,
	publisher={MIT Press - Journals},
	title={Number-related brain potentials are differentially affected by mapping novel symbols on small versus large quantities in a number learning task},
	volume=32,
	author={van den Berg, Fabian C.G. and de Weerd, Peter and Jonkman, Lisa M.},
	pages={1263--1275},
	date={2020-02-19},
	year=2020,
	month=2,
	day=19,
}
@article{Gunderson2015Gesture,
	journal={Cognition},
	doi={10.1016/j.cognition.2015.07.008},
	issn=18737838,
	pmid=26210644,
	publisher={Elsevier B.V.},
	title={Gesture as a window onto children's number knowledge},
	volume=144,
	author={Gunderson, Elizabeth A. and Spaepen, Elizabet and Gibson, Dominic and Goldin-Meadow, Susan and Levine, Susan C.},
	pages={14--28},
	date={2015-11-01},
	year=2015,
	month=11,
	day=1,
}
@article{Jay2017Mathematics,
	journal={Frontiers in Education},
	doi={10.3389/feduc.2017.00022},
	issn={2504284X},
	publisher={Frontiers Media S.A.},
	title={Mathematics at Your Fingertips: Testing a Finger Training Intervention to Improve Quantitative Skills},
	volume=2,
	author={Jay, Tim and Betenson, Julie},
	pages=22,
	date={2017-06-07},
	year=2017,
	month=6,
	day=7,
}
@article{Noël2005Finger,
	journal={Cortex},
	doi={10.1080/09297040590951550},
	issn=09297049,
	number=5,
	pmid=18387567,
	publisher={Taylor & Francis Group},
	title={Finger gnosia: A predictor of numerical abilities in children?},
	volume=11,
	author={Noël, Marie Pascale and Gracia-Bafalluy, Maria and Noël, Marie Pascale},
	pages={413--430},
	date={2005-10-16},
	year=2005,
	month=10,
	day=16,
}
@article{Turconi2004Electrophysiological,
	journal={Cognitive Brain Research},
	doi={10.1016/j.cogbrainres.2004.05.003},
	issn=09266410,
	number=1,
	pmid=15325410,
	publisher={Elsevier},
	title={Electrophysiological evidence for differential processing of numerical quantity and order in humans},
	volume=21,
	author={Turconi, Eva and Jemel, Boutheina and Rossion, Bruno and Seron, Xavier},
	pages={22--38},
	date={2004-09-01},
	year=2004,
	month=9,
	day=1,
}
@article{Jiang2010Effects,
	journal={Neuropsychologia},
	doi={10.1016/j.neuropsychologia.2009.09.005},
	issn=00283932,
	number=1,
	pmid=19751750,
	publisher={Pergamon},
	title={Effects of symbol type and numerical distance on the human event-related potential},
	volume=48,
	author={Jiang, Ting and Qiao, Sibing and Li, Jin and Cao, Zhongyu and Gao, Xuefei and Song, Yan and Xue, Gui and Dong, Qi and Chen, Chuansheng},
	pages={201--210},
	date={2010-01-01},
	year=2010,
	month=1,
	day=1,
}
@article{Paulsen2008processing,
	journal={Neuropsychologia},
	doi={10.1016/j.neuropsychologia.2008.04.003},
	issn=00283932,
	number=10,
	pmid=18486953,
	publisher={Pergamon},
	title={The processing of non-symbolic numerical magnitudes as indexed by ERPs},
	volume=46,
	author={Paulsen, David J. and Neville, Helen J.},
	pages={2532--2544},
	date={2008-08-01},
	year=2008,
	month=8,
	day=1,
}
@article{Polich2007Updating,
	journal={Clinical Neurophysiology},
	doi={10.1016/j.clinph.2007.04.019},
	issn=13882457,
	number=10,
	publisher={Elsevier},
	title={Updating P300: An integrative theory of P3a and P3b},
	volume=118,
	author={Polich, John},
	pages={2128--2148},
	date={2007-10-01},
	year=2007,
	month=10,
	day=1,
}
@article{Dickson2019P300,
	journal={Biological Psychology},
	doi={10.1016/j.biopsycho.2019.107745},
	issn=18736246,
	pmid=31470071,
	publisher={Elsevier B.V.},
	title={P300 amplitude and latency reflect arithmetic skill: An ERP study of the problem size effect},
	volume=148,
	author={Dickson, Danielle S. and Wicha, Nicole Y.Y.},
	pages=107745,
	date={2019-11-01},
	year=2019,
	month=11,
	day=1,
}
@article{Keil2014Committee,
	journal={Psychophysiology},
	doi={10.1111/psyp.12147},
	issn=14698986,
	number=1,
	pmid=24147581,
	publisher={Blackwell Publishing Inc.},
	title={Committee report: Publication guidelines and recommendations for studies using electroencephalography and magnetoencephalography},
	volume=51,
	author={Keil, Andreas and Debener, Stefan and Gratton, Gabriele and Junghöfer, Markus and Kappenman, Emily S. and Luck, Steven J. and Luu, Phan and Miller, Gregory A. and Yee, Cindy M.},
	pages={1--21},
	date=2014,
	year=2014,
}
@article{Lopez-Calderon2014ERPLAB,
	journal={Frontiers in Human Neuroscience},
	doi={10.3389/fnhum.2014.00213},
	issn={1662-5161},
	number={1 APR},
	publisher={Frontiers Media S. A.},
	title={ERPLAB: an open-source toolbox for the analysis of event-related potentials},
	volume=8,
	author={Lopez-Calderon, Javier and Luck, Steven J.},
	pages=213,
	date={2014-04-14},
	year=2014,
	month=4,
	day=14,
}
@article{Chochon1999Differential,
	journal={Journal of cognitive neuroscience},
	doi={10.1162/089892999563689},
	issn={0898-929X},
	number=6,
	pmid=10601743,
	publisher={MIT Press 238 Main St., Suite 500, Cambridge, MA 02142-1046 USA journals-info@mit.edu},
	title={Differential contributions of the left and right inferior parietal lobules to number processing.},
	volume=11,
	author={Chochon, F. and Cohen, Laurent and van de Moortele, P. F. and Dehaene, Stanislas},
	pages={617--30},
	date={1999-11-13},
	year=1999,
	month=11,
	day=13,
}
@article{Eger2003supramodal,
	journal={Neuron},
	doi={10.1016/S0896-6273(03)00036-9},
	issn=08966273,
	number=4,
	pmid=12597867,
	title={A supramodal number representation in human intraparietal cortex},
	volume=37,
	author={Eger, Evelyn and Sterzer, Philipp and Russ, Michael O and Giraud, Anne Lise and Kleinschmidt, Andreas},
	pages={719--725},
	date={2003-02},
	year=2003,
	month=2,
}
@article{Holloway2010Common,
	journal={NeuroImage},
	doi={10.1016/j.neuroimage.2009.07.071},
	issn=10538119,
	number=1,
	pmid=19666127,
	publisher={Academic Press},
	title={Common and segregated neural pathways for the processing of symbolic and nonsymbolic numerical magnitude: An fMRI study},
	volume=49,
	author={Holloway, Ian D. and Price, Gavin R. and Ansari, Daniel},
	pages={1006--1017},
	date={2010-01-01},
	year=2010,
	month=1,
	day=1,
}
@article{Kaufmann2008developmental,
	journal={Cortex},
	doi={10.1016/j.cortex.2007.08.003},
	issn=00109452,
	number=4,
	pmid=18387568,
	publisher={Masson SpA},
	title={A developmental fMRI study of nonsymbolic numerical and spatial processing},
	volume=44,
	author={Kaufmann, Liane and Vogel, Stephan E. and Wood, Guilherme and Kremser, Christian and Schocke, Michael and Zimmerhackl, Lothar Bernd and Koten, Jan W.},
	pages={376--385},
	date=2008,
	year=2008,
}
@article{Fabbri2016Finger,
	journal={Perception},
	doi={10.1177/0301006615594913},
	issn=03010066,
	number={1-2},
	pmid=26562848,
	publisher={SAGE Publications Ltd},
	title={Finger Counting and (2D:4D) Digit Ratio in Spatial-Numerical Association},
	volume=45,
	author={Fabbri, Marco and Natale, Vincenzo},
	pages={136--155},
	date={2016-01-14},
	year=2016,
	month=1,
	day=14,
}
@article{Polich1987Task,
	journal={Electroencephalography and Clinical Neurophysiology/ Evoked Potentials},
	doi={10.1016/0168-5597(87)90052-9},
	issn=01685597,
	number=4,
	publisher={Electroencephalogr Clin Neurophysiol},
	title={Task difficulty, probability, and inter-stimulus interval as determinants of P300 from auditory stimuli},
	volume=68,
	author={Polich, John},
	pages={311--320},
	date=1987,
	year=1987,
}
@article{Eimer2005Electrophysiological,
	journal={Psychophysiology},
	doi={10.1111/j.1469-8986.2005.00285.x},
	issn=00485772,
	number=3,
	publisher={Society for Psychophysiological Research},
	title={Electrophysiological correlates of change detection},
	volume=42,
	author={Eimer, Martin and Mazza, Veronica},
	pages={328--342},
	date={2005-05-01},
	year=2005,
	month=5,
	day=1,
}
@article{Ye2019P3,
	journal={Frontiers in Neuroscience},
	doi={10.3389/fnins.2019.00510},
	issn={1662453X},
	number={MAY},
	publisher={Frontiers Media S.A.},
	title={The P3 reflects awareness and can be modulated by confidence},
	volume=13,
	author={Ye, Muwang and Lyu, Yong and Sclodnick, Ben and Sun, Hong Jin},
	pages=510,
	date={2019-05-17},
	year=2019,
	month=5,
	day=17,
}
@article{Peirce2019PsychoPy2,
	journal={Behavior Research Methods},
	doi={10.3758/s13428-018-01193-y},
	issn=15543528,
	number=1,
	pmid=30734206,
	publisher={Springer New York LLC},
	title={PsychoPy2: Experiments in behavior made easy},
	volume=51,
	author={Peirce, Jonathan and Gray, Jeremy R. and Simpson, Sol and MacAskill, Michael and Höchenberger, Richard and Sogo, Hiroyuki and Kastman, Erik and Lindeløv, Jonas Kristoffer},
	pages={195--203},
	date={2019-02-15},
	year=2019,
	month=2,
	day=15,
}
@misc{Petrilla2012Binary,
	title={Binary Counting on Fingers},
	url={http://apetrilla.blogspot.com/2012/08/binary-counting-on-fingers.html},
	author={Petrilla, Attila},
	note={[Online; accessed 2021-02-26]},
	date={2012-08-08},
	year=2012,
	month=8,
	day=8,
}
@misc{2019BrainVision,
	publisher={Gilching, Germany: Brain Products GmbH},
	address={Gilching, Germany},
	title={BrainVision Analyzer (Vers. 2.2.0)[Software]},
	date=2019,
	year=2019,
}
@article{Delorme2004EEGLAB,
	journal={Journal of Neuroscience Methods},
	doi={https://doi.org/10.1016/j.jneumeth.2003.10.009},
	issn={0165-0270},
	number=1,
	title={EEGLAB: an open source toolbox for analysis of single-trial EEG dynamics including independent component analysis},
	volume=134,
	author={Delorme, Arnaud and Makeig, Scott},
	pages={9--21},
	date=2004,
	year=2004,
}
@book{MATLAB201996,
	publisher={The MathWorks Inc.},
	address={Natick, Massachusetts},
	title={9.6 (R2019b)},
	author={MATLAB},
	date=2019,
	year=2019,
}
@article{Turconi2006Numerical,
	journal={Cognition},
	doi={10.1016/j.cognition.2004.12.002},
	issn=00100277,
	number=3,
	pmid=16399265,
	title={Numerical order and quantity processing in number comparison},
	volume=98,
	author={Turconi, Eva and Campbell, Jamie I D and Seron, Xavier},
	pages={273--285},
	date=2006,
	year=2006,
}
@misc{IBMAnalytics2021IBM,
	journal={IBM SPSS Software},
	title={IBM SPSS {\textbar} IBM Analytics},
	author={IBM Analytics},
	date=2021,
	year=2021,
}