@article{examplepaper1,
author = {LastName, FirstName},
doi = {14.3462/574525.2023.745745},
issn = {745745},
journal = {Fancy Science Journal},
keywords = {Keyword1,Keyword2,Keyword3},
month = {1},
number = {1},
pages = {69--80},
title = {{Titel of the paper: with a questioning subtitle?}},
volume = {69},
year = {2025}
}
